<collection xmlns="http://www.loc.gov/MARC21/slim"><record><leader>00980nam  2200277   450</leader><controlfield tag="001">875</controlfield><controlfield tag="003">http://montalegre.opacnet.com/OPAC/default.aspx?ContentAreaControl=ShowRegHoldings.ascx&amp;RegNo=16662</controlfield><datafield tag="021" ind1=" " ind2=" "><subfield code="a">PT</subfield><subfield code="b">8050/85</subfield></datafield><datafield tag="100" ind1=" " ind2=" "><subfield code="a">20061013d1985    a  y0pora010305  ba</subfield></datafield><datafield tag="101" ind1="1" ind2=" "><subfield code="a">por</subfield></datafield><datafield tag="102" ind1=" " ind2=" "><subfield code="a">PT</subfield></datafield><datafield tag="200" ind1="1" ind2=" "><subfield code="a">&lt;15=15&gt; aventuras de automóveis</subfield><subfield code="f">trad. Maria Adelaide Couto Viana, Rui Viana Pereira, Carlos Silva</subfield></datafield><datafield tag="210" ind1=" " ind2=" "><subfield code="a">Lisboa</subfield><subfield code="c">Verbo</subfield><subfield code="d">imp. 1985</subfield></datafield><datafield tag="215" ind1=" " ind2=" "><subfield code="a">227, [4] p.</subfield><subfield code="c">il.</subfield><subfield code="d">21 cm</subfield></datafield><datafield tag="225" ind1="2" ind2=" "><subfield code="a">Série 15</subfield><subfield code="v">50</subfield></datafield><datafield tag="304" ind1=" " ind2=" "><subfield code="a">Tít. original: 15 Aventures d'automobiles</subfield></datafield><datafield tag="532" ind1="1" ind2="1"><subfield code="a">Quinze aventuras de automóveis</subfield></datafield><datafield tag="606" ind1=" " ind2=" "><subfield code="a">Literatura juvenil</subfield></datafield><datafield tag="606" ind1=" " ind2=" "><subfield code="a">Automobilismo</subfield></datafield><datafield tag="675" ind1=" " ind2=" "><subfield code="a">087.5</subfield><subfield code="v">BN</subfield><subfield code="z">por</subfield></datafield><datafield tag="702" ind1=" " ind2="1"><subfield code="a">Pereira</subfield><subfield code="b">Rui Viana</subfield><subfield code="4">730</subfield></datafield><datafield tag="702" ind1=" " ind2="1"><subfield code="a">Viana</subfield><subfield code="b">Maria Adelaide Couto</subfield><subfield code="f">1921-1990</subfield><subfield code="4">730</subfield></datafield><datafield tag="702" ind1=" " ind2="1"><subfield code="a">Silva</subfield><subfield code="b">Carlos da</subfield><subfield code="4">730</subfield></datafield><datafield tag="801" ind1=" " ind2="0"><subfield code="a">PT</subfield><subfield code="b">Biblioteca Municipal de Montalegre</subfield><subfield code="g">RPC</subfield></datafield><datafield tag="856" ind1=" " ind2=" "><subfield code="u">locateMedia.asp?cod=20060627151514&amp;ext=jpg</subfield><subfield code="z">CAPA</subfield></datafield><datafield tag="909" ind1="&#9;" ind2=" "><subfield code="a">2</subfield></datafield><datafield tag="966" ind1=" " ind2=" "><subfield code="a">0003091</subfield><subfield code="l">BMM</subfield><subfield code="s">SJ 087.5 VIA ave 50</subfield></datafield><datafield tag="966" ind1=" " ind2=" "><subfield code="a">0003092</subfield><subfield code="l">BMM</subfield><subfield code="s">SJ 087.5 VIA ave 50</subfield></datafield></record></collection>